<record><leader>00000cas a2200000 a 4500</leader><controlfield tag="001">15307712</controlfield><controlfield tag="008">870312c19229999cauwr ne      0   a0eng c</controlfield><datafield ind1=" " ind2=" " tag="010"><subfield code="a">sn 87007199 </subfield></datafield><datafield ind1=" " ind2=" " tag="040"><subfield code="a">NSD</subfield><subfield code="b">eng</subfield><subfield code="c">NSD</subfield><subfield code="d">CNK</subfield><subfield code="d">OCLCQ</subfield><subfield code="d">OCLCF</subfield><subfield code="d">OCLCO</subfield></datafield><datafield ind1=" " ind2=" " tag="012"><subfield code="l">1</subfield><subfield code="m">1</subfield></datafield><datafield ind1="1" ind2=" " tag="022"><subfield code="a">0892-6441</subfield><subfield code="l">0892-6441</subfield><subfield code="2">1</subfield></datafield><datafield ind1="1" ind2=" " tag="029"><subfield code="a">AU@</subfield><subfield code="b">000020447767</subfield></datafield><datafield ind1=" " ind2=" " tag="032"><subfield code="a">644500</subfield><subfield code="b">USPS</subfield></datafield><datafield ind1=" " ind2=" " tag="037"><subfield code="b">The Tustin News, 649 S.B St., Tustin, CA 92680</subfield></datafield><datafield ind1=" " ind2=" " tag="042"><subfield code="a">nsdp</subfield><subfield code="a">pcc</subfield></datafield><datafield ind1=" " ind2=" " tag="043"><subfield code="a">n-us-ca</subfield></datafield><datafield ind1=" " ind2="4" tag="222"><subfield code="a">The Tustin news</subfield></datafield><datafield ind1="0" ind2="4" tag="245"><subfield code="a">The Tustin news.</subfield></datafield><datafield ind1=" " ind2=" " tag="260"><subfield code="a">Tustin, Orange County, Calif. :</subfield><subfield code="b">Timothy Brownhill</subfield></datafield><datafield ind1=" " ind2=" " tag="310"><subfield code="a">Weekly</subfield></datafield><datafield ind1="1" ind2=" " tag="362"><subfield code="a">Began in Nov. 1922.</subfield></datafield><datafield ind1=" " ind2=" " tag="588"><subfield code="a">Description based on: Vol. 1, no. 2 (Nov. 16, 1922).</subfield></datafield><datafield ind1=" " ind2="0" tag="651"><subfield code="a">Tustin (Calif.)</subfield><subfield code="v">Newspapers.</subfield></datafield><datafield ind1=" " ind2="7" tag="655"><subfield code="a">Newspapers.</subfield><subfield code="2">fast</subfield><subfield code="0">(OCoLC)fst01423814</subfield></datafield><datafield ind1=" " ind2="7" tag="651"><subfield code="a">California</subfield><subfield code="z">Tustin.</subfield><subfield code="2">fast</subfield><subfield code="0">(OCoLC)fst01228064</subfield></datafield><datafield ind1=" " ind2=" " tag="752"><subfield code="a">United States</subfield><subfield code="b">California</subfield><subfield code="c">Orange</subfield><subfield code="d">Tustin.</subfield></datafield><datafield ind1="0" ind2="5" tag="780"><subfield code="t">Tustin weekly</subfield><subfield code="w">(DLC)sn2005061010</subfield></datafield></record>